@inproceedings{gormley-eisner-2015-structured,
    title = "Structured Belief Propagation for {NLP}",
    author = "Gormley, Matthew R.  and
      Eisner, Jason",
    booktitle = "Proceedings of the 53rd Annual Meeting of the Association for Computational Linguistics and the 7th International Joint Conference on Natural Language Processing: Tutorial Abstracts",
    month = jul,
    year = "2015",
    address = "Beijing, China",
    publisher = "Association for Computational Linguistics",
    url = "https://www.aclweb.org/anthology/P15-5002",
    doi = "10.3115/v1/P15-5002",
    pages = "5--6",
}